<?xml version="1.0" encoding="UTF-8"?><record xmlns="http://www.loc.gov/MARC21/slim" xmlns:cinclude="http://apache.org/cocoon/include/1.0" xmlns:zs="http://www.loc.gov/zing/srw/">
  <leader>00586cz  a2200157n  4500</leader>
  <controlfield tag="001">no2001090359</controlfield>
  <controlfield tag="003">DLC</controlfield>
  <controlfield tag="005">20130320090437.0</controlfield>
  <controlfield tag="008">011113n| azannaab           |n aaa     c</controlfield>
  <datafield tag="010" ind1=" " ind2=" ">
    <subfield code="a">no2001090359</subfield>
  </datafield>
  <datafield tag="035" ind1=" " ind2=" ">
    <subfield code="a">(OCoLC)oca05625032</subfield>
  </datafield>
  <datafield tag="040" ind1=" " ind2=" ">
    <subfield code="a">PPi-MA</subfield>
    <subfield code="b">eng</subfield>
    <subfield code="e">rda</subfield>
    <subfield code="c">PPi-MA</subfield>
    <subfield code="d">DLC</subfield>
  </datafield>
  <datafield tag="100" ind1="0" ind2=" ">
    <subfield code="a">Sonique</subfield>
    <subfield code="c">(Musician)</subfield>
  </datafield>
  <datafield tag="670" ind1=" " ind2=" ">
    <subfield code="a">Now that's what I call music! 4 [SR] p2000:</subfield>
    <subfield code="b">container (Sonique)</subfield>
  </datafield>
  <datafield tag="670" ind1=" " ind2=" ">
    <subfield code="a">All Music Guide WWW site, Nov. 12, 2001</subfield>
    <subfield code="b">(Sonique; British pop diva/DJ)</subfield>
  </datafield>
  <datafield tag="675" ind1=" " ind2=" ">
    <subfield code="a">Int. ww in mus. Vol. 2, Pop. mus., 3rd ed.;</subfield>
    <subfield code="a">Enc. of pop. mus., 3rd ed.;</subfield>
    <subfield code="a">Contemporary musicians, v. 1-33</subfield>
  </datafield>
</record>